<?xml version="1.0" encoding="UTF-8" ?>
<collection xmlns:xsi="http://www.w3.org/2001/XMLSchema-instance"
    xsi:schemaLocation="http://www.loc.gov/MARC21/slim
        http://www.loc.gov/standards/marcxml/schema/MARC21slim.xsd"
    xmlns="http://www.loc.gov/MARC21/slim">
<record>
  <leader>00207cam a2200373 i 4500</leader>
  <controlfield tag="001">b12307683</controlfield>
  <controlfield tag="003">LeBAU</controlfield>
  <controlfield tag="005">20130930</controlfield>
  <controlfield tag="008">961227s1944    le            ||0 0dara d</controlfield>
  <datafield tag="035" ind1=" " ind2=" ">
    <subfield code="a">ocn784180746</subfield>
  </datafield>
  <datafield tag="040" ind1=" " ind2=" ">
    <subfield code="a">LEAUB</subfield>
    <subfield code="b">ara</subfield>
    <subfield code="e">rda</subfield>
    <subfield code="c">LEAUB</subfield>
    <subfield code="d">LEAUB</subfield>
  </datafield>
  <datafield tag="082" ind1="0" ind2="4">
    <subfield code="a">012</subfield>
    <subfield code="2">20</subfield>
  </datafield>
  <datafield tag="100" ind1="1" ind2=" ">
    <subfield code="6">880-01</subfield>
    <subfield code="a">Dāghir, Yūsuf Asʻad,</subfield>
    <subfield code="d">1899-1981,</subfield>
    <subfield code="e">compiler.</subfield>
  </datafield>
  <datafield tag="245" ind1="1" ind2="0">
    <subfield code="6">880-02</subfield>
    <subfield code="a">350 maṣdaran fī dirāsat Abī al-ʻAlāʼ al-Maʻarrī bi-munāsabat dhikrāhu al-alfīyah (363-1363 H.) /</subfield>
    <subfield code="c">jama‘ahā wa-nassaqahā wa-‘allaqa ‘alayhā Yūsuf Asʻad Dāghir Amīn Dār al-Kutub al-Lubnānīyah al-mu‘āwin.</subfield>
  </datafield>
  <datafield tag="246" ind1="1" ind2=" ">
    <subfield code="6">880-03</subfield>
    <subfield code="a">Thalāth mā’ah wa-khamsūn maṣdaran fī dirāsat Abī al-ʻAlāʼ al-Maʻarrī bi-munāsabat dhikrāhu al-alfīyah</subfield>
  </datafield>
  <datafield tag="264" ind1=" " ind2="1">
    <subfield code="6">880-04</subfield>
    <subfield code="a">Bayrūt, [Lubnān] :</subfield>
    <subfield code="b">Maṭābiʻ Ṣādir Rīḥānī,</subfield>
    <subfield code="c">1944.</subfield>
  </datafield>
  <datafield tag="300" ind1=" " ind2=" ">
    <subfield code="6">880-05</subfield>
    <subfield code="a">51 pages ;</subfield>
    <subfield code="c">21 cm</subfield>
  </datafield>
  <datafield tag="336" ind1=" " ind2=" ">
    <subfield code="a">text</subfield>
    <subfield code="b">txt</subfield>
    <subfield code="2">rdacontent</subfield>
  </datafield>
  <datafield tag="337" ind1=" " ind2=" ">
    <subfield code="a">unmediated</subfield>
    <subfield code="b">n</subfield>
    <subfield code="2">rdamedia</subfield>
  </datafield>
  <datafield tag="338" ind1=" " ind2=" ">
    <subfield code="a">volume</subfield>
    <subfield code="b">nc</subfield>
    <subfield code="2">rdacarrier</subfield>
  </datafield>
  <datafield tag="600" ind1="1" ind2="4">
    <subfield code="a">المعري، أبو العلاء أحمد بن عبدالله،</subfield>
    <subfield code="d">973-1057</subfield>
    <subfield code="v">ببليوغرافيا.</subfield>
  </datafield>
  <datafield tag="600" ind1="1" ind2="0">
    <subfield code="a">Maʻarrī, Abū al-‘Alā’ Aḥmad ibn ‘Abd Allāh,</subfield>
    <subfield code="d">973-1057</subfield>
    <subfield code="v">Bibliography.</subfield>
  </datafield>
  <datafield tag="852" ind1=" " ind2=" ">
    <subfield code="a">Jafet Library</subfield>
    <subfield code="e">American University of Beirut, Bliss Street , Beirut, Lebanon.</subfield>
  </datafield>
  <datafield tag="852" ind1=" " ind2=" ">
    <subfield code="a">Jafet Archives and Special Collections</subfield>
    <subfield code="e">American University of Beirut, Bliss Street, Beirut, ‎Lebanon.‎</subfield>
  </datafield>
  <datafield tag="880" ind1="1" ind2=" ">
    <subfield code="6">100-01/(3/r</subfield>
    <subfield code="a">داغر، يوسف اسعد،</subfield>
    <subfield code="d">1899-1981،</subfield>
    <subfield code="e">معد. </subfield>
    <subfield code="4">com.</subfield>
  </datafield>
  <datafield tag="880" ind1="1" ind2="0">
    <subfield code="6">245-02/(3/r</subfield>
    <subfield code="a">350 مصدراً في دراسة أبي العلاء المعري بمناسبة ذكراه الألفية (363-1363 هـ.) /</subfield>
    <subfield code="c">جمعها ونسقها وعلق عليها يوسف أسعد داغر أمين دار الكتب اللبنانية المعاون.</subfield>
  </datafield>
  <datafield tag="880" ind1="1" ind2=" ">
    <subfield code="6">246-03/(3/r</subfield>
    <subfield code="a">ثلاث مائة وخمسون مصدراً في دراسة أبي العلاء المعري بمناسبة ذكراه الألفية</subfield>
  </datafield>
  <datafield tag="880" ind1=" " ind2="1">
    <subfield code="6">264-04/(3/r</subfield>
    <subfield code="a">بيروت، [لبنان] :</subfield>
    <subfield code="b">مطابع صادر ريحاني،</subfield>
    <subfield code="c">1944.</subfield>
  </datafield>
  <datafield tag="880" ind1=" " ind2=" ">
    <subfield code="6">300-05/(3/r</subfield>
    <subfield code="a">51 صفحة ؛</subfield>
    <subfield code="c">21 سم</subfield>
  </datafield>
  <datafield tag="907" ind1=" " ind2=" ">
    <subfield code="a">.b12307683</subfield>
    <subfield code="b">16-04-05</subfield>
    <subfield code="c">11-05-24</subfield>
  </datafield>
  <datafield tag="907" ind1=" " ind2=" ">
    <subfield code="a">.b12307683</subfield>
    <subfield code="b">15-10-15</subfield>
    <subfield code="c">11-05-24</subfield>
  </datafield>
  <datafield tag="945" ind1=" " ind2=" ">
    <subfield code="f">CA</subfield>
    <subfield code="a">012:D12tA</subfield>
    <subfield code="g">1</subfield>
    <subfield code="i">00503241</subfield>
    <subfield code="j">.i19922942</subfield>
    <subfield code="l">u0304</subfield>
  </datafield>
  <datafield tag="945" ind1=" " ind2=" ">
    <subfield code="f">J</subfield>
    <subfield code="a">012:D12tA:c.1</subfield>
    <subfield code="g">1</subfield>
    <subfield code="i">01000174</subfield>
    <subfield code="j">.i12733507</subfield>
    <subfield code="l">u0503</subfield>
  </datafield>
  <datafield tag="998" ind1=" " ind2=" ">
    <subfield code="a">u03</subfield>
    <subfield code="a">u05</subfield>
    <subfield code="b">96-12-27</subfield>
    <subfield code="c">m</subfield>
    <subfield code="d">a</subfield>
    <subfield code="e">-</subfield>
    <subfield code="f">ara</subfield>
    <subfield code="g">le </subfield>
    <subfield code="h">0</subfield>
    <subfield code="i">2</subfield>
  </datafield>
</record>
</collection>
